%% This BibTeX bibliography file was created using BibDesk.
%% http://bibdesk.sourceforge.net/


%% Created for IÃ±igo Aguas Ardaiz at 2015-06-23 21:50:10 +0200 


%% Saved with string encoding Unicode (UTF-8) 



@book{art:gonzalezmatlab,
	Author = {R. C. Gonzalez and R. E. Woods and S. L. Eddins},
	Date-Added = {2015-06-23 19:47:25 +0000},
	Date-Modified = {2015-06-23 19:48:45 +0000},
	Publisher = {Gatesmark Publishing},
	Title = {Digital image procesing using MATLAB},
	Year = {2009}}

@book{lib:genetic,
	Author = {B. Bhanu and S. Lee},
	Date-Added = {2015-06-23 19:43:56 +0000},
	Date-Modified = {2015-06-23 19:45:32 +0000},
	Publisher = {Kluwer Academic Publishers},
	Title = {Genetic learning for adaptative image segmentation},
	Year = {1994}}

@book{art:watt,
	Author = {Alan Watt and Fabio Policarpo},
	Date-Added = {2015-06-23 19:42:55 +0000},
	Date-Modified = {2015-06-23 19:46:21 +0000},
	Publisher = {Addison-Wesley},
	Title = {The computer image},
	Year = {1998}}

@phdthesis{lib:matricula,
	Author = {Ondrej Martinsky},
	Date-Added = {2015-06-23 14:14:48 +0000},
	Date-Modified = {2015-06-23 14:17:11 +0000},
	School = {Brno University of technology},
	Title = {Algorithmic and mathematical principles of automatic number plate recognition systems},
	Year = {2007},
	Bdsk-Url-1 = {http://javaanpr.sourceforge.net/anpr.pdf}}

@url{url:noticiasegmentacion,
	Date-Added = {2015-06-23 13:53:35 +0000},
	Date-Modified = {2015-06-23 13:56:11 +0000},
	Month = {9},
	Title = {Investigadores de la UPNA desarrollan un m{\'e}todo que delimita autom{\'a}ticamente zonas del cerebro en im{\'a}genes m{\'e}dicas},
	Url = {http://www.unavarra.es/actualidad/noticias?contentId=173589},
	Year = {2013}}

@article{art:bustincesegmedica,
	Author = {H. Bustince and M. Pagola and E. Barrenechea and J. Fern{\'a}ndez and P. Melo-Pinto and P. Couto and H. R. Tizhoosh and J. Montero},
	Date-Added = {2015-06-23 13:36:22 +0000},
	Date-Modified = {2015-06-23 13:38:42 +0000},
	Journal = {Fuzzy sets and systems},
	Number = {161},
	Pages = {20-36},
	Title = {Ignorance functions. An application to the calculation of the threshold in prostate ultrasound images},
	Year = {2010}}

@unpublished{apunteslatex,
	Author = {L. Molina},
	Date-Added = {2015-06-16 22:47:43 +0000},
	Date-Modified = {2015-06-16 22:56:19 +0000},
	Howpublished = {Universidad de Valladolid},
	Title = {Procesamiento de textos cient{\'\i}ficos en alta calidad. Apuntes de \LaTeX},
	Url = {http://metodos.fam.cie.uva.es/~latex/},
	Bdsk-Url-1 = {http://metodos.fam.cie.uva.es/~latex/}}

@book{lib:gleb,
	Author = {G. Beliakov and A. Pradera and T. Calvo},
	Date-Added = {2015-06-16 22:44:47 +0000},
	Date-Modified = {2015-06-16 22:47:15 +0000},
	Publisher = {Springer},
	Title = {Aggregation functions: a guide for practitioners},
	Year = {2007},
	Bdsk-File-1 = {YnBsaXN0MDDUAQIDBAUGJCVYJHZlcnNpb25YJG9iamVjdHNZJGFyY2hpdmVyVCR0b3ASAAGGoKgHCBMUFRYaIVUkbnVsbNMJCgsMDxJXTlMua2V5c1pOUy5vYmplY3RzViRjbGFzc6INDoACgAOiEBGABIAFgAdccmVsYXRpdmVQYXRoWWFsaWFzRGF0YV8QZC4uLy4uL0Ryb3Bib3gvVW5pdmVyc2lkYWQvOF9zZW1lc3RyZS8wNCBUcmFiYWpvIEZpbiBkZSBHcmFkby9hcnRpY3Vsb3MvR2xlYi1BZ2dyZWdhdGlvbkZ1bmN0aW9ucy5wZGbSFwsYGVdOUy5kYXRhTxECOgAAAAACOgACAAAMTWFjaW50b3NoIFNEAAAAAAAAAAAAAAAAAAAAtnWPkEgrAAAAl4drHUdsZWItQWdncmVnYXRpb25GdW5jdGlvbnMucGRmAAAAAAAAAAAAAAAAAAAAAAAAAAAAAAAAAAAAAAAAAAAAAACdZHHRpl4fAAAAAAAAAAAAAgAGAAAJIAAAAAAAAAAAAAAAAAAAAAlhcnRpY3Vsb3MAABAACAAAtnWBgAAAABEACAAA0aZB/wAAAAEAHACXh2sAHnhsAB5azAAbn3gAG54xAAYsugACZ5UAAgB+TWFjaW50b3NoIFNEOlVzZXJzOgBpbmlnbzoARHJvcGJveDoAVW5pdmVyc2lkYWQ6ADhfc2VtZXN0cmU6ADA0IFRyYWJham8gRmluIGRlIEdyYWRvOgBhcnRpY3Vsb3M6AEdsZWItQWdncmVnYXRpb25GdW5jdGlvbnMucGRmAA4APAAdAEcAbABlAGIALQBBAGcAZwByAGUAZwBhAHQAaQBvAG4ARgB1AG4AYwB0AGkAbwBuAHMALgBwAGQAZgAPABoADABNAGEAYwBpAG4AdABvAHMAaAAgAFMARAASAGpVc2Vycy9pbmlnby9Ecm9wYm94L1VuaXZlcnNpZGFkLzhfc2VtZXN0cmUvMDQgVHJhYmFqbyBGaW4gZGUgR3JhZG8vYXJ0aWN1bG9zL0dsZWItQWdncmVnYXRpb25GdW5jdGlvbnMucGRmABMAAS8AABUAAgAM//8AAIAG0hscHR5aJGNsYXNzbmFtZVgkY2xhc3Nlc11OU011dGFibGVEYXRhox0fIFZOU0RhdGFYTlNPYmplY3TSGxwiI1xOU0RpY3Rpb25hcnmiIiBfEA9OU0tleWVkQXJjaGl2ZXLRJidUcm9vdIABAAgAEQAaACMALQAyADcAQABGAE0AVQBgAGcAagBsAG4AcQBzAHUAdwCEAI4A9QD6AQIDQANCA0cDUgNbA2kDbQN0A30DggOPA5IDpAOnA6wAAAAAAAACAQAAAAAAAAAoAAAAAAAAAAAAAAAAAAADrg==}}

@article{art:sahoo,
	Author = {P. Sahoo and C. Wilkins and J. Yeager},
	Date-Added = {2015-06-14 15:42:35 +0000},
	Date-Modified = {2015-06-14 15:44:52 +0000},
	Journal = {Pattern recognition},
	Number = {1},
	Pages = {71-84},
	Title = {Threhold selection using Renyi's entropy},
	Volume = {30},
	Year = {1997},
	Bdsk-File-1 = {YnBsaXN0MDDUAQIDBAUGJCVYJHZlcnNpb25YJG9iamVjdHNZJGFyY2hpdmVyVCR0b3ASAAGGoKgHCBMUFRYaIVUkbnVsbNMJCgsMDxJXTlMua2V5c1pOUy5vYmplY3RzViRjbGFzc6INDoACgAOiEBGABIAFgAdccmVsYXRpdmVQYXRoWWFsaWFzRGF0YV8QTC4uLy4uL0Ryb3Bib3gvVW5pdmVyc2lkYWQvNV9zZW1lc3RyZS8wNSBWaXNpb24gQXJ0aWZpY2lhbC9UZW9yaWEvU2Fob285Ny5wZGbSFwsYGVdOUy5kYXRhTxEB4gAAAAAB4gACAAAMTWFjaW50b3NoIFNEAAAAAAAAAAAAAAAAAAAAtnWPkEgrAAAAHoi1C1NhaG9vOTcucGRmAAAAAAAAAAAAAAAAAAAAAAAAAAAAAAAAAAAAAAAAAAAAAAAAAAAAAAAAAAAAAAAAAAAAAAAGcFfOx/+cAAAAAAAAAAAAAgAGAAAJIAAAAAAAAAAAAAAAAAAAAAZUZW9yaWEAEAAIAAC2dYGAAAAAEQAIAADOx/GMAAAAAQAcAB6ItQAcNkMAHDVcABufeAAbnjEABiy6AAJnlQACAGZNYWNpbnRvc2ggU0Q6VXNlcnM6AGluaWdvOgBEcm9wYm94OgBVbml2ZXJzaWRhZDoANV9zZW1lc3RyZToAMDUgVmlzaW9uIEFydGlmaWNpYWw6AFRlb3JpYToAU2Fob285Ny5wZGYADgAYAAsAUwBhAGgAbwBvADkANwAuAHAAZABmAA8AGgAMAE0AYQBjAGkAbgB0AG8AcwBoACAAUwBEABIAUlVzZXJzL2luaWdvL0Ryb3Bib3gvVW5pdmVyc2lkYWQvNV9zZW1lc3RyZS8wNSBWaXNpb24gQXJ0aWZpY2lhbC9UZW9yaWEvU2Fob285Ny5wZGYAEwABLwAAFQACAAz//wAAgAbSGxwdHlokY2xhc3NuYW1lWCRjbGFzc2VzXU5TTXV0YWJsZURhdGGjHR8gVk5TRGF0YVhOU09iamVjdNIbHCIjXE5TRGljdGlvbmFyeaIiIF8QD05TS2V5ZWRBcmNoaXZlctEmJ1Ryb290gAEACAARABoAIwAtADIANwBAAEYATQBVAGAAZwBqAGwAbgBxAHMAdQB3AIQAjgDdAOIA6gLQAtIC1wLiAusC+QL9AwQDDQMSAx8DIgM0AzcDPAAAAAAAAAIBAAAAAAAAACgAAAAAAAAAAAAAAAAAAAM+}}

@article{art:otsu,
	Author = {N. Otsu},
	Date-Added = {2015-06-12 02:30:32 +0000},
	Date-Modified = {2015-06-12 02:32:12 +0000},
	Journal = {IEEE Trans. Systems, Man, and Cybernetics},
	Number = {1},
	Pages = {62-66},
	Title = {A threshold selection method from gray-level histograms},
	Volume = {9},
	Year = {1979},
	Bdsk-File-1 = {YnBsaXN0MDDUAQIDBAUGJCVYJHZlcnNpb25YJG9iamVjdHNZJGFyY2hpdmVyVCR0b3ASAAGGoKgHCBMUFRYaIVUkbnVsbNMJCgsMDxJXTlMua2V5c1pOUy5vYmplY3RzViRjbGFzc6INDoACgAOiEBGABIAFgAdccmVsYXRpdmVQYXRoWWFsaWFzRGF0YV8QYC4uLy4uL0Ryb3Bib3gvVW5pdmVyc2lkYWQvOF9zZW1lc3RyZS8wNCBUcmFiYWpvIEZpbiBkZSBHcmFkby9hcnRpY3Vsb3MvT3RzdTE5Nzktc2VnbWVudGFjaW9uLnBkZtIXCxgZV05TLmRhdGFPEQIqAAAAAAIqAAIAAAxNYWNpbnRvc2ggU0QAAAAAAAAAAAAAAAAAAAC2dY+QSCsAAACXh2sZT3RzdTE5Nzktc2VnbWVudGFjaW9uLnBkZgAAAAAAAAAAAAAAAAAAAAAAAAAAAAAAAAAAAAAAAAAAAAAAAAAAAJlEetGg12MAAAAAAAAAAAACAAYAAAkgAAAAAAAAAAAAAAAAAAAACWFydGljdWxvcwAAEAAIAAC2dYGAAAAAEQAIAADRoLtDAAAAAQAcAJeHawAeeGwAHlrMABufeAAbnjEABiy6AAJnlQACAHpNYWNpbnRvc2ggU0Q6VXNlcnM6AGluaWdvOgBEcm9wYm94OgBVbml2ZXJzaWRhZDoAOF9zZW1lc3RyZToAMDQgVHJhYmFqbyBGaW4gZGUgR3JhZG86AGFydGljdWxvczoAT3RzdTE5Nzktc2VnbWVudGFjaW9uLnBkZgAOADQAGQBPAHQAcwB1ADEAOQA3ADkALQBzAGUAZwBtAGUAbgB0AGEAYwBpAG8AbgAuAHAAZABmAA8AGgAMAE0AYQBjAGkAbgB0AG8AcwBoACAAUwBEABIAZlVzZXJzL2luaWdvL0Ryb3Bib3gvVW5pdmVyc2lkYWQvOF9zZW1lc3RyZS8wNCBUcmFiYWpvIEZpbiBkZSBHcmFkby9hcnRpY3Vsb3MvT3RzdTE5Nzktc2VnbWVudGFjaW9uLnBkZgATAAEvAAAVAAIADP//AACABtIbHB0eWiRjbGFzc25hbWVYJGNsYXNzZXNdTlNNdXRhYmxlRGF0YaMdHyBWTlNEYXRhWE5TT2JqZWN00hscIiNcTlNEaWN0aW9uYXJ5oiIgXxAPTlNLZXllZEFyY2hpdmVy0SYnVHJvb3SAAQAIABEAGgAjAC0AMgA3AEAARgBNAFUAYABnAGoAbABuAHEAcwB1AHcAhACOAPEA9gD+AywDLgMzAz4DRwNVA1kDYANpA24DewN+A5ADkwOYAAAAAAAAAgEAAAAAAAAAKAAAAAAAAAAAAAAAAAAAA5o=}}

@article{art:churchland,
	Author = {P. M. Churchland and P. S. Churchland},
	Date-Added = {2015-06-12 01:01:26 +0000},
	Date-Modified = {2015-06-12 01:10:00 +0000},
	Journal = {Investigaci{\'o}n y ciencia},
	Month = {3},
	Number = {162},
	Pages = {18-25},
	Title = {?`Podr{\'\i}a pensar una m{\'a}quina?},
	Year = {1990}}

@article{art:searle,
	Author = {J. R. Searle},
	Date-Added = {2015-06-12 00:55:46 +0000},
	Date-Modified = {2015-06-12 01:10:34 +0000},
	Journal = {Investigaci{\'o}n y ciencia},
	Month = {3},
	Number = {162},
	Pages = {10-17},
	Title = {?`Es la mente un programa inform{\'a}tico?},
	Year = {1990}}

@book{lib:boden,
	Author = {M. A. Boden},
	Date-Added = {2015-06-12 00:49:38 +0000},
	Date-Modified = {2015-06-12 00:50:18 +0000},
	Publisher = {Tecnos},
	Title = {Inteligencia artificial y hombre natural},
	Year = {1984}}

@book{lib:ross,
	Author = {A. M. Turing and M. Scriven and J. R. Lucas and K. Gunderson and H. Putnam and P. Ziff and J. J. C. Smart and N. Smart},
	Date-Added = {2015-06-12 00:40:19 +0000},
	Date-Modified = {2015-06-12 00:43:18 +0000},
	Editor = {A. Ross Anderson},
	Publisher = {Ediciones Orbis},
	Title = {Controversia sobre mentes y m{\'a}quinas},
	Year = {1985}}

@article{art:dombi,
	Author = {J. Dombi},
	Date-Added = {2015-06-11 00:06:09 +0000},
	Date-Modified = {2015-06-11 00:07:13 +0000},
	Journal = {Information Sciences},
	Pages = {281-294},
	Title = {Equivalence operators that are associative},
	Volume = {281},
	Year = {2014},
	Bdsk-File-1 = {YnBsaXN0MDDUAQIDBAUGJCVYJHZlcnNpb25YJG9iamVjdHNZJGFyY2hpdmVyVCR0b3ASAAGGoKgHCBMUFRYaIVUkbnVsbNMJCgsMDxJXTlMua2V5c1pOUy5vYmplY3RzViRjbGFzc6INDoACgAOiEBGABIAFgAdccmVsYXRpdmVQYXRoWWFsaWFzRGF0YV8QaS4uLy4uL0Ryb3Bib3gvVW5pdmVyc2lkYWQvOF9zZW1lc3RyZS8wNCBUcmFiYWpvIEZpbiBkZSBHcmFkby9hcnRpY3Vsb3MvRG9tYmkyMDE0LUVxdWl2YWxlbmNlT3BlcmF0b3JzLnBkZtIXCxgZV05TLmRhdGFPEQJMAAAAAAJMAAIAAAxNYWNpbnRvc2ggU0QAAAAAAAAAAAAAAAAAAAC2dY+QSCsAAACXh2sfRG9tYmkyMDE0LUVxdWl2YWxlbmMjOTgxMjYyLnBkZgAAAAAAAAAAAAAAAAAAAAAAAAAAAAAAAAAAAAAAAAAAAJgSYtGfVSMAAAAAAAAAAAACAAYAAAkgAAAAAAAAAAAAAAAAAAAACWFydGljdWxvcwAAEAAIAAC2dYGAAAAAEQAIAADRnzkDAAAAAQAcAJeHawAeeGwAHlrMABufeAAbnjEABiy6AAJnlQACAIBNYWNpbnRvc2ggU0Q6VXNlcnM6AGluaWdvOgBEcm9wYm94OgBVbml2ZXJzaWRhZDoAOF9zZW1lc3RyZToAMDQgVHJhYmFqbyBGaW4gZGUgR3JhZG86AGFydGljdWxvczoARG9tYmkyMDE0LUVxdWl2YWxlbmMjOTgxMjYyLnBkZgAOAEYAIgBEAG8AbQBiAGkAMgAwADEANAAtAEUAcQB1AGkAdgBhAGwAZQBuAGMAZQBPAHAAZQByAGEAdABvAHIAcwAuAHAAZABmAA8AGgAMAE0AYQBjAGkAbgB0AG8AcwBoACAAUwBEABIAb1VzZXJzL2luaWdvL0Ryb3Bib3gvVW5pdmVyc2lkYWQvOF9zZW1lc3RyZS8wNCBUcmFiYWpvIEZpbiBkZSBHcmFkby9hcnRpY3Vsb3MvRG9tYmkyMDE0LUVxdWl2YWxlbmNlT3BlcmF0b3JzLnBkZgAAEwABLwAAFQACAAz//wAAgAbSGxwdHlokY2xhc3NuYW1lWCRjbGFzc2VzXU5TTXV0YWJsZURhdGGjHR8gVk5TRGF0YVhOU09iamVjdNIbHCIjXE5TRGljdGlvbmFyeaIiIF8QD05TS2V5ZWRBcmNoaXZlctEmJ1Ryb290gAEACAARABoAIwAtADIANwBAAEYATQBVAGAAZwBqAGwAbgBxAHMAdQB3AIQAjgD6AP8BBwNXA1kDXgNpA3IDgAOEA4sDlAOZA6YDqQO7A74DwwAAAAAAAAIBAAAAAAAAACgAAAAAAAAAAAAAAAAAAAPF},
	Bdsk-Url-1 = {http://ac.els-cdn.com/S0020025514005738/1-s2.0-S0020025514005738-main.pdf?_tid=3a4ef310-103b-11e5-9fd9-00000aab0f27&acdnat=1434028407_f14b14131f46081e15bfc0ece9da2e30}}

@article{art:calvo,
	Author = {T. Calvo and G. Beliakov},
	Date-Added = {2015-06-10 23:19:48 +0000},
	Date-Modified = {2015-06-10 23:21:23 +0000},
	Journal = {Fuzzy sets and systems},
	Pages = {1420-1436},
	Title = {Aggregation functions based on penalties},
	Volume = {161},
	Year = {2010},
	Bdsk-File-1 = {YnBsaXN0MDDUAQIDBAUGJCVYJHZlcnNpb25YJG9iamVjdHNZJGFyY2hpdmVyVCR0b3ASAAGGoKgHCBMUFRYaIVUkbnVsbNMJCgsMDxJXTlMua2V5c1pOUy5vYmplY3RzViRjbGFzc6INDoACgAOiEBGABIAFgAdccmVsYXRpdmVQYXRoWWFsaWFzRGF0YV8Qbi4uLy4uL0Ryb3Bib3gvVW5pdmVyc2lkYWQvOF9zZW1lc3RyZS8wNCBUcmFiYWpvIEZpbiBkZSBHcmFkby9hcnRpY3Vsb3MvQ2Fsdm8yMDEwLUFncmVnYWNpb25CYXNhRW5QZW5hbHRpZXMucGRm0hcLGBlXTlMuZGF0YU8RAloAAAAAAloAAgAADE1hY2ludG9zaCBTRAAAAAAAAAAAAAAAAAAAALZ1j5BIKwAAAJeHax9DYWx2bzIwMTAtQWdyZWdhY2lvbiM4NjMyOUQucGRmAAAAAAAAAAAAAAAAAAAAAAAAAAAAAAAAAAAAAAAAAAAAhjKd0Y5kSQAAAAAAAAAAAAIABgAACSAAAAAAAAAAAAAAAAAAAAAJYXJ0aWN1bG9zAAAQAAgAALZ1gYAAAAARAAgAANGOSCkAAAABABwAl4drAB54bAAeWswAG594ABueMQAGLLoAAmeVAAIAgE1hY2ludG9zaCBTRDpVc2VyczoAaW5pZ286AERyb3Bib3g6AFVuaXZlcnNpZGFkOgA4X3NlbWVzdHJlOgAwNCBUcmFiYWpvIEZpbiBkZSBHcmFkbzoAYXJ0aWN1bG9zOgBDYWx2bzIwMTAtQWdyZWdhY2lvbiM4NjMyOUQucGRmAA4AUAAnAEMAYQBsAHYAbwAyADAAMQAwAC0AQQBnAHIAZQBnAGEAYwBpAG8AbgBCAGEAcwBhAEUAbgBQAGUAbgBhAGwAdABpAGUAcwAuAHAAZABmAA8AGgAMAE0AYQBjAGkAbgB0AG8AcwBoACAAUwBEABIAdFVzZXJzL2luaWdvL0Ryb3Bib3gvVW5pdmVyc2lkYWQvOF9zZW1lc3RyZS8wNCBUcmFiYWpvIEZpbiBkZSBHcmFkby9hcnRpY3Vsb3MvQ2Fsdm8yMDEwLUFncmVnYWNpb25CYXNhRW5QZW5hbHRpZXMucGRmABMAAS8AABUAAgAM//8AAIAG0hscHR5aJGNsYXNzbmFtZVgkY2xhc3Nlc11OU011dGFibGVEYXRhox0fIFZOU0RhdGFYTlNPYmplY3TSGxwiI1xOU0RpY3Rpb25hcnmiIiBfEA9OU0tleWVkQXJjaGl2ZXLRJidUcm9vdIABAAgAEQAaACMALQAyADcAQABGAE0AVQBgAGcAagBsAG4AcQBzAHUAdwCEAI4A/wEEAQwDagNsA3EDfAOFA5MDlwOeA6cDrAO5A7wDzgPRA9YAAAAAAAACAQAAAAAAAAAoAAAAAAAAAAAAAAAAAAAD2A==}}

@book{lib:penrose,
	Author = {R. Penrose},
	Date-Added = {2015-06-10 22:07:08 +0000},
	Date-Modified = {2015-06-10 22:08:22 +0000},
	Publisher = {Mondadori},
	Title = {La nueva mente del emperador},
	Year = {1991}}

@article{art:busticepenalty,
	Author = {H. Bustince and A. Jurio and A. Pradera and R. Mesiar and G. Beliakov},
	Date-Added = {2015-06-10 21:52:38 +0000},
	Date-Modified = {2015-06-10 21:54:38 +0000},
	Journal = {European Journal of operational research},
	Pages = {472-478},
	Title = {Generalization of the weighted voting method using penalty functions constructed via faithful restricted dissimilarity functions},
	Volume = {225},
	Year = {2013},
	Bdsk-File-1 = {YnBsaXN0MDDUAQIDBAUGJCVYJHZlcnNpb25YJG9iamVjdHNZJGFyY2hpdmVyVCR0b3ASAAGGoKgHCBMUFRYaIVUkbnVsbNMJCgsMDxJXTlMua2V5c1pOUy5vYmplY3RzViRjbGFzc6INDoACgAOiEBGABIAFgAdccmVsYXRpdmVQYXRoWWFsaWFzRGF0YV8QXC4uLy4uL0Ryb3Bib3gvVW5pdmVyc2lkYWQvOF9zZW1lc3RyZS8wNCBUcmFiYWpvIEZpbiBkZSBHcmFkby9hcnRpY3Vsb3MvR0lBUkEyMDEzLVBlbmFsdHkucGRm0hcLGBlXTlMuZGF0YU8RAhoAAAAAAhoAAgAADE1hY2ludG9zaCBTRAAAAAAAAAAAAAAAAAAAALZ1j5BIKwAAAJeHaxVHSUFSQTIwMTMtUGVuYWx0eS5wZGYAAAAAAAAAAAAAAAAAAAAAAAAAAAAAAAAAAAAAAAAAAAAAAAAAAAAAAAAAhi7g0Y5iBwAAAAAAAAAAAAIABgAACSAAAAAAAAAAAAAAAAAAAAAJYXJ0aWN1bG9zAAAQAAgAALZ1gYAAAAARAAgAANGORecAAAABABwAl4drAB54bAAeWswAG594ABueMQAGLLoAAmeVAAIAdk1hY2ludG9zaCBTRDpVc2VyczoAaW5pZ286AERyb3Bib3g6AFVuaXZlcnNpZGFkOgA4X3NlbWVzdHJlOgAwNCBUcmFiYWpvIEZpbiBkZSBHcmFkbzoAYXJ0aWN1bG9zOgBHSUFSQTIwMTMtUGVuYWx0eS5wZGYADgAsABUARwBJAEEAUgBBADIAMAAxADMALQBQAGUAbgBhAGwAdAB5AC4AcABkAGYADwAaAAwATQBhAGMAaQBuAHQAbwBzAGgAIABTAEQAEgBiVXNlcnMvaW5pZ28vRHJvcGJveC9Vbml2ZXJzaWRhZC84X3NlbWVzdHJlLzA0IFRyYWJham8gRmluIGRlIEdyYWRvL2FydGljdWxvcy9HSUFSQTIwMTMtUGVuYWx0eS5wZGYAEwABLwAAFQACAAz//wAAgAbSGxwdHlokY2xhc3NuYW1lWCRjbGFzc2VzXU5TTXV0YWJsZURhdGGjHR8gVk5TRGF0YVhOU09iamVjdNIbHCIjXE5TRGljdGlvbmFyeaIiIF8QD05TS2V5ZWRBcmNoaXZlctEmJ1Ryb290gAEACAARABoAIwAtADIANwBAAEYATQBVAGAAZwBqAGwAbgBxAHMAdQB3AIQAjgDtAPIA+gMYAxoDHwMqAzMDQQNFA0wDVQNaA2cDagN8A38DhAAAAAAAAAIBAAAAAAAAACgAAAAAAAAAAAAAAAAAAAOG}}

@article{art:bustinceowa,
	Author = {H. Bustince and T. Calvo and B. de Baets and J. Fodor and R. Mesiar and J. Montero and D. Paternain and A.Pradera},
	Date-Added = {2015-06-10 21:49:11 +0000},
	Date-Modified = {2015-06-10 21:52:02 +0000},
	Journal = {Information Sciences},
	Pages = {1977-1989},
	Title = {A class of aggregation functions encompassing two-dimensional OWA operators},
	Volume = {180},
	Year = {2010},
	Bdsk-File-1 = {YnBsaXN0MDDUAQIDBAUGJCVYJHZlcnNpb25YJG9iamVjdHNZJGFyY2hpdmVyVCR0b3ASAAGGoKgHCBMUFRYaIVUkbnVsbNMJCgsMDxJXTlMua2V5c1pOUy5vYmplY3RzViRjbGFzc6INDoACgAOiEBGABIAFgAdccmVsYXRpdmVQYXRoWWFsaWFzRGF0YV8QWC4uLy4uL0Ryb3Bib3gvVW5pdmVyc2lkYWQvOF9zZW1lc3RyZS8wNCBUcmFiYWpvIEZpbiBkZSBHcmFkby9hcnRpY3Vsb3MvR0lBUkEyMDEwLU9XQS5wZGbSFwsYGVdOUy5kYXRhTxECCgAAAAACCgACAAAMTWFjaW50b3NoIFNEAAAAAAAAAAAAAAAAAAAAtnWPkEgrAAAAl4drEUdJQVJBMjAxMC1PV0EucGRmAAAAAAAAAAAAAAAAAAAAAAAAAAAAAAAAAAAAAAAAAAAAAAAAAAAAAAAAAAAAAACGL7/RjmKYAAAAAAAAAAAAAgAGAAAJIAAAAAAAAAAAAAAAAAAAAAlhcnRpY3Vsb3MAABAACAAAtnWBgAAAABEACAAA0Y5GeAAAAAEAHACXh2sAHnhsAB5azAAbn3gAG54xAAYsugACZ5UAAgByTWFjaW50b3NoIFNEOlVzZXJzOgBpbmlnbzoARHJvcGJveDoAVW5pdmVyc2lkYWQ6ADhfc2VtZXN0cmU6ADA0IFRyYWJham8gRmluIGRlIEdyYWRvOgBhcnRpY3Vsb3M6AEdJQVJBMjAxMC1PV0EucGRmAA4AJAARAEcASQBBAFIAQQAyADAAMQAwAC0ATwBXAEEALgBwAGQAZgAPABoADABNAGEAYwBpAG4AdABvAHMAaAAgAFMARAASAF5Vc2Vycy9pbmlnby9Ecm9wYm94L1VuaXZlcnNpZGFkLzhfc2VtZXN0cmUvMDQgVHJhYmFqbyBGaW4gZGUgR3JhZG8vYXJ0aWN1bG9zL0dJQVJBMjAxMC1PV0EucGRmABMAAS8AABUAAgAM//8AAIAG0hscHR5aJGNsYXNzbmFtZVgkY2xhc3Nlc11OU011dGFibGVEYXRhox0fIFZOU0RhdGFYTlNPYmplY3TSGxwiI1xOU0RpY3Rpb25hcnmiIiBfEA9OU0tleWVkQXJjaGl2ZXLRJidUcm9vdIABAAgAEQAaACMALQAyADcAQABGAE0AVQBgAGcAagBsAG4AcQBzAHUAdwCEAI4A6QDuAPYDBAMGAwsDFgMfAy0DMQM4A0EDRgNTA1YDaANrA3AAAAAAAAACAQAAAAAAAAAoAAAAAAAAAAAAAAAAAAADcg==}}

@article{art:paternain,
	Author = {D. Paternain and J. Fern{\'a}ndez and H. Bustince and R. Mesiar and G. Beliakov},
	Date-Added = {2015-06-10 19:40:03 +0000},
	Date-Modified = {2015-06-10 19:41:43 +0000},
	Journal = {Fuzzy sets and systems},
	Pages = {87-111},
	Title = {Construction of image reduction operators using averaging aggregation functions},
	Volume = {261},
	Year = {2015},
	Bdsk-File-1 = {YnBsaXN0MDDUAQIDBAUGJCVYJHZlcnNpb25YJG9iamVjdHNZJGFyY2hpdmVyVCR0b3ASAAGGoKgHCBMUFRYaIVUkbnVsbNMJCgsMDxJXTlMua2V5c1pOUy5vYmplY3RzViRjbGFzc6INDoACgAOiEBGABIAFgAdccmVsYXRpdmVQYXRoWWFsaWFzRGF0YV8QiC4uLy4uL0Ryb3Bib3gvVW5pdmVyc2lkYWQvOF9zZW1lc3RyZS8wNCBUcmFiYWpvIEZpbiBkZSBHcmFkby9hcnRpY3Vsb3MvUGF0ZXJuYWluMjAxNC1Db25zdHJ1Y3Rpb24gb2YgaW1hZ2UgcmVkdWN0aW9uIG9wZXJhdG9ycyB1c2luZy5wZGbSFwsYGVdOUy5kYXRhTxECqAAAAAACqAACAAAMTWFjaW50b3NoIFNEAAAAAAAAAAAAAAAAAAAAtnWPkEgrAAAAl4drH1BhdGVybmFpbjIwMTQtQ29uc3RyIzg2REU4QS5wZGYAAAAAAAAAAAAAAAAAAAAAAAAAAAAAAAAAAAAAAAAAAACG3orRj9R2AAAAAAAAAAAAAgAGAAAJIAAAAAAAAAAAAAAAAAAAAAlhcnRpY3Vsb3MAABAACAAAtnWBgAAAABEACAAA0Y+4VgAAAAEAHACXh2sAHnhsAB5azAAbn3gAG54xAAYsugACZ5UAAgCATWFjaW50b3NoIFNEOlVzZXJzOgBpbmlnbzoARHJvcGJveDoAVW5pdmVyc2lkYWQ6ADhfc2VtZXN0cmU6ADA0IFRyYWJham8gRmluIGRlIEdyYWRvOgBhcnRpY3Vsb3M6AFBhdGVybmFpbjIwMTQtQ29uc3RyIzg2REU4QS5wZGYADgCEAEEAUABhAHQAZQByAG4AYQBpAG4AMgAwADEANAAtAEMAbwBuAHMAdAByAHUAYwB0AGkAbwBuACAAbwBmACAAaQBtAGEAZwBlACAAcgBlAGQAdQBjAHQAaQBvAG4AIABvAHAAZQByAGEAdABvAHIAcwAgAHUAcwBpAG4AZwAuAHAAZABmAA8AGgAMAE0AYQBjAGkAbgB0AG8AcwBoACAAUwBEABIAjlVzZXJzL2luaWdvL0Ryb3Bib3gvVW5pdmVyc2lkYWQvOF9zZW1lc3RyZS8wNCBUcmFiYWpvIEZpbiBkZSBHcmFkby9hcnRpY3Vsb3MvUGF0ZXJuYWluMjAxNC1Db25zdHJ1Y3Rpb24gb2YgaW1hZ2UgcmVkdWN0aW9uIG9wZXJhdG9ycyB1c2luZy5wZGYAEwABLwAAFQACAAz//wAAgAbSGxwdHlokY2xhc3NuYW1lWCRjbGFzc2VzXU5TTXV0YWJsZURhdGGjHR8gVk5TRGF0YVhOU09iamVjdNIbHCIjXE5TRGljdGlvbmFyeaIiIF8QD05TS2V5ZWRBcmNoaXZlctEmJ1Ryb290gAEACAARABoAIwAtADIANwBAAEYATQBVAGAAZwBqAGwAbgBxAHMAdQB3AIQAjgEZAR4BJgPSA9QD2QPkA+0D+wP/BAYEDwQUBCEEJAQ2BDkEPgAAAAAAAAIBAAAAAAAAACgAAAAAAAAAAAAAAAAAAARA}}

@article{art:sugenochoquet,
	Author = {T. Murofushi and M. Sugeno},
	Date-Added = {2015-06-10 19:37:24 +0000},
	Date-Modified = {2015-06-10 19:39:03 +0000},
	Journal = {Journal of mathematical analysis and applications},
	Pages = {532-549},
	Title = {A theory of fuzzy measures: representations, teh Choquet Integral and Null Sets},
	Volume = {159},
	Year = {1990},
	Bdsk-File-1 = {YnBsaXN0MDDUAQIDBAUGJCVYJHZlcnNpb25YJG9iamVjdHNZJGFyY2hpdmVyVCR0b3ASAAGGoKgHCBMUFRYaIVUkbnVsbNMJCgsMDxJXTlMua2V5c1pOUy5vYmplY3RzViRjbGFzc6INDoACgAOiEBGABIAFgAdccmVsYXRpdmVQYXRoWWFsaWFzRGF0YV8QaS4uLy4uL0Ryb3Bib3gvVW5pdmVyc2lkYWQvOF9zZW1lc3RyZS8wNCBUcmFiYWpvIEZpbiBkZSBHcmFkby9hcnRpY3Vsb3MvU3VnZW5vMTk5MC1NZWRpZGFzRnV6enlDaG9xdWV0LnBkZtIXCxgZV05TLmRhdGFPEQJMAAAAAAJMAAIAAAxNYWNpbnRvc2ggU0QAAAAAAAAAAAAAAAAAAAC2dY+QSCsAAACXh2sfU3VnZW5vMTk5MC1NZWRpZGFzRnUjODZEMjRDLnBkZgAAAAAAAAAAAAAAAAAAAAAAAAAAAAAAAAAAAAAAAAAAAIbSTNGPymoAAAAAAAAAAAACAAYAAAkgAAAAAAAAAAAAAAAAAAAACWFydGljdWxvcwAAEAAIAAC2dYGAAAAAEQAIAADRj65KAAAAAQAcAJeHawAeeGwAHlrMABufeAAbnjEABiy6AAJnlQACAIBNYWNpbnRvc2ggU0Q6VXNlcnM6AGluaWdvOgBEcm9wYm94OgBVbml2ZXJzaWRhZDoAOF9zZW1lc3RyZToAMDQgVHJhYmFqbyBGaW4gZGUgR3JhZG86AGFydGljdWxvczoAU3VnZW5vMTk5MC1NZWRpZGFzRnUjODZEMjRDLnBkZgAOAEYAIgBTAHUAZwBlAG4AbwAxADkAOQAwAC0ATQBlAGQAaQBkAGEAcwBGAHUAegB6AHkAQwBoAG8AcQB1AGUAdAAuAHAAZABmAA8AGgAMAE0AYQBjAGkAbgB0AG8AcwBoACAAUwBEABIAb1VzZXJzL2luaWdvL0Ryb3Bib3gvVW5pdmVyc2lkYWQvOF9zZW1lc3RyZS8wNCBUcmFiYWpvIEZpbiBkZSBHcmFkby9hcnRpY3Vsb3MvU3VnZW5vMTk5MC1NZWRpZGFzRnV6enlDaG9xdWV0LnBkZgAAEwABLwAAFQACAAz//wAAgAbSGxwdHlokY2xhc3NuYW1lWCRjbGFzc2VzXU5TTXV0YWJsZURhdGGjHR8gVk5TRGF0YVhOU09iamVjdNIbHCIjXE5TRGljdGlvbmFyeaIiIF8QD05TS2V5ZWRBcmNoaXZlctEmJ1Ryb290gAEACAARABoAIwAtADIANwBAAEYATQBVAGAAZwBqAGwAbgBxAHMAdQB3AIQAjgD6AP8BBwNXA1kDXgNpA3IDgAOEA4sDlAOZA6YDqQO7A74DwwAAAAAAAAIBAAAAAAAAACgAAAAAAAAAAAAAAAAAAAPF}}

@article{art:choquet,
	Author = {G. Choquet},
	Date-Added = {2015-06-10 19:35:46 +0000},
	Date-Modified = {2015-06-10 19:37:02 +0000},
	Journal = {Ann. Inst. Fourier},
	Pages = {131-295},
	Title = {Theory of capacities},
	Volume = {5},
	Year = {1955}}

@article{art:fan2,
	Author = {J. Fan and W. Xie and J. Pei},
	Date-Added = {2015-06-10 19:27:37 +0000},
	Date-Modified = {2015-06-10 19:29:28 +0000},
	Journal = {Fuzzy sets and systems},
	Pages = {201-209},
	Title = {Subsethood measures: new definitions},
	Volume = {106},
	Year = {1999},
	Bdsk-File-1 = {YnBsaXN0MDDUAQIDBAUGJCVYJHZlcnNpb25YJG9iamVjdHNZJGFyY2hpdmVyVCR0b3ASAAGGoKgHCBMUFRYaIVUkbnVsbNMJCgsMDxJXTlMua2V5c1pOUy5vYmplY3RzViRjbGFzc6INDoACgAOiEBGABIAFgAdccmVsYXRpdmVQYXRoWWFsaWFzRGF0YV8QXy4uLy4uL0Ryb3Bib3gvVW5pdmVyc2lkYWQvOF9zZW1lc3RyZS8wNCBUcmFiYWpvIEZpbiBkZSBHcmFkby9hcnRpY3Vsb3MvRmFuMTk5OS1TaW1pbGFyaWRhZDIucGRm0hcLGBlXTlMuZGF0YU8RAigAAAAAAigAAgAADE1hY2ludG9zaCBTRAAAAAAAAAAAAAAAAAAAALZ1j5BIKwAAAJeHaxhGYW4xOTk5LVNpbWlsYXJpZGFkMi5wZGYAAAAAAAAAAAAAAAAAAAAAAAAAAAAAAAAAAAAAAAAAAAAAAAAAAAAAmBRD0Z9WOQAAAAAAAAAAAAIABgAACSAAAAAAAAAAAAAAAAAAAAAJYXJ0aWN1bG9zAAAQAAgAALZ1gYAAAAARAAgAANGfOhkAAAABABwAl4drAB54bAAeWswAG594ABueMQAGLLoAAmeVAAIAeU1hY2ludG9zaCBTRDpVc2VyczoAaW5pZ286AERyb3Bib3g6AFVuaXZlcnNpZGFkOgA4X3NlbWVzdHJlOgAwNCBUcmFiYWpvIEZpbiBkZSBHcmFkbzoAYXJ0aWN1bG9zOgBGYW4xOTk5LVNpbWlsYXJpZGFkMi5wZGYAAA4AMgAYAEYAYQBuADEAOQA5ADkALQBTAGkAbQBpAGwAYQByAGkAZABhAGQAMgAuAHAAZABmAA8AGgAMAE0AYQBjAGkAbgB0AG8AcwBoACAAUwBEABIAZVVzZXJzL2luaWdvL0Ryb3Bib3gvVW5pdmVyc2lkYWQvOF9zZW1lc3RyZS8wNCBUcmFiYWpvIEZpbiBkZSBHcmFkby9hcnRpY3Vsb3MvRmFuMTk5OS1TaW1pbGFyaWRhZDIucGRmAAATAAEvAAAVAAIADP//AACABtIbHB0eWiRjbGFzc25hbWVYJGNsYXNzZXNdTlNNdXRhYmxlRGF0YaMdHyBWTlNEYXRhWE5TT2JqZWN00hscIiNcTlNEaWN0aW9uYXJ5oiIgXxAPTlNLZXllZEFyY2hpdmVy0SYnVHJvb3SAAQAIABEAGgAjAC0AMgA3AEAARgBNAFUAYABnAGoAbABuAHEAcwB1AHcAhACOAPAA9QD9AykDKwMwAzsDRANSA1YDXQNmA2sDeAN7A40DkAOVAAAAAAAAAgEAAAAAAAAAKAAAAAAAAAAAAAAAAAAAA5c=}}

@article{art:fan1,
	Author = {J. Fan and W. Xie},
	Date-Added = {2015-06-10 19:14:01 +0000},
	Date-Modified = {2015-06-10 19:31:53 +0000},
	Journal = {Fuzzy sets and systems},
	Pages = {403-412},
	Title = {Some notes on similarity measure and proximity measure},
	Volume = {101},
	Year = {1999},
	Bdsk-File-1 = {YnBsaXN0MDDUAQIDBAUGJCVYJHZlcnNpb25YJG9iamVjdHNZJGFyY2hpdmVyVCR0b3ASAAGGoKgHCBMUFRYaIVUkbnVsbNMJCgsMDxJXTlMua2V5c1pOUy5vYmplY3RzViRjbGFzc6INDoACgAOiEBGABIAFgAdccmVsYXRpdmVQYXRoWWFsaWFzRGF0YV8QXi4uLy4uL0Ryb3Bib3gvVW5pdmVyc2lkYWQvOF9zZW1lc3RyZS8wNCBUcmFiYWpvIEZpbiBkZSBHcmFkby9hcnRpY3Vsb3MvRmFuMTk5OS1TaW1pbGFyaWRhZC5wZGbSFwsYGVdOUy5kYXRhTxECIgAAAAACIgACAAAMTWFjaW50b3NoIFNEAAAAAAAAAAAAAAAAAAAAtnWPkEgrAAAAl4drF0ZhbjE5OTktU2ltaWxhcmlkYWQucGRmAAAAAAAAAAAAAAAAAAAAAAAAAAAAAAAAAAAAAAAAAAAAAAAAAAAAAACYE6zRn1XzAAAAAAAAAAAAAgAGAAAJIAAAAAAAAAAAAAAAAAAAAAlhcnRpY3Vsb3MAABAACAAAtnWBgAAAABEACAAA0Z850wAAAAEAHACXh2sAHnhsAB5azAAbn3gAG54xAAYsugACZ5UAAgB4TWFjaW50b3NoIFNEOlVzZXJzOgBpbmlnbzoARHJvcGJveDoAVW5pdmVyc2lkYWQ6ADhfc2VtZXN0cmU6ADA0IFRyYWJham8gRmluIGRlIEdyYWRvOgBhcnRpY3Vsb3M6AEZhbjE5OTktU2ltaWxhcmlkYWQucGRmAA4AMAAXAEYAYQBuADEAOQA5ADkALQBTAGkAbQBpAGwAYQByAGkAZABhAGQALgBwAGQAZgAPABoADABNAGEAYwBpAG4AdABvAHMAaAAgAFMARAASAGRVc2Vycy9pbmlnby9Ecm9wYm94L1VuaXZlcnNpZGFkLzhfc2VtZXN0cmUvMDQgVHJhYmFqbyBGaW4gZGUgR3JhZG8vYXJ0aWN1bG9zL0ZhbjE5OTktU2ltaWxhcmlkYWQucGRmABMAAS8AABUAAgAM//8AAIAG0hscHR5aJGNsYXNzbmFtZVgkY2xhc3Nlc11OU011dGFibGVEYXRhox0fIFZOU0RhdGFYTlNPYmplY3TSGxwiI1xOU0RpY3Rpb25hcnmiIiBfEA9OU0tleWVkQXJjaGl2ZXLRJidUcm9vdIABAAgAEQAaACMALQAyADcAQABGAE0AVQBgAGcAagBsAG4AcQBzAHUAdwCEAI4A7wD0APwDIgMkAykDNAM9A0sDTwNWA18DZANxA3QDhgOJA44AAAAAAAACAQAAAAAAAAAoAAAAAAAAAAAAAAAAAAADkA==}}

@article{art:yagerowa,
	Annote = {http://ac.els-cdn.com/016501149390194M/1-s2.0-016501149390194M-main.pdf?_tid=a2340fcc-0f93-11e5-857a-00000aacb35d&acdnat=1433956426_3699ac161a223ddf7c10077c88c6241c},
	Author = {R. R. Yager},
	Date-Added = {2015-06-10 17:19:42 +0000},
	Date-Modified = {2015-06-10 17:21:33 +0000},
	Journal = {Fuzzy sets and systems},
	Pages = {125-148},
	Title = {Families of OWA operators},
	Volume = {59},
	Year = {1993},
	Bdsk-File-1 = {YnBsaXN0MDDUAQIDBAUGJCVYJHZlcnNpb25YJG9iamVjdHNZJGFyY2hpdmVyVCR0b3ASAAGGoKgHCBMUFRYaIVUkbnVsbNMJCgsMDxJXTlMua2V5c1pOUy5vYmplY3RzViRjbGFzc6INDoACgAOiEBGABIAFgAdccmVsYXRpdmVQYXRoWWFsaWFzRGF0YV8QWS4uLy4uL0Ryb3Bib3gvVW5pdmVyc2lkYWQvOF9zZW1lc3RyZS8wNCBUcmFiYWpvIEZpbiBkZSBHcmFkby9hcnRpY3Vsb3MvWWFndWVyMTk5My1PV0EucGRm0hcLGBlXTlMuZGF0YU8RAhAAAAAAAhAAAgAADE1hY2ludG9zaCBTRAAAAAAAAAAAAAAAAAAAALZ1j5BIKwAAAJeHaxJZYWd1ZXIxOTkzLU9XQS5wZGYAAAAAAAAAAAAAAAAAAAAAAAAAAAAAAAAAAAAAAAAAAAAAAAAAAAAAAAAAAAAAl4ux0Z543wAAAAAAAAAAAAIABgAACSAAAAAAAAAAAAAAAAAAAAAJYXJ0aWN1bG9zAAAQAAgAALZ1gYAAAAARAAgAANGeXL8AAAABABwAl4drAB54bAAeWswAG594ABueMQAGLLoAAmeVAAIAc01hY2ludG9zaCBTRDpVc2VyczoAaW5pZ286AERyb3Bib3g6AFVuaXZlcnNpZGFkOgA4X3NlbWVzdHJlOgAwNCBUcmFiYWpvIEZpbiBkZSBHcmFkbzoAYXJ0aWN1bG9zOgBZYWd1ZXIxOTkzLU9XQS5wZGYAAA4AJgASAFkAYQBnAHUAZQByADEAOQA5ADMALQBPAFcAQQAuAHAAZABmAA8AGgAMAE0AYQBjAGkAbgB0AG8AcwBoACAAUwBEABIAX1VzZXJzL2luaWdvL0Ryb3Bib3gvVW5pdmVyc2lkYWQvOF9zZW1lc3RyZS8wNCBUcmFiYWpvIEZpbiBkZSBHcmFkby9hcnRpY3Vsb3MvWWFndWVyMTk5My1PV0EucGRmAAATAAEvAAAVAAIADP//AACABtIbHB0eWiRjbGFzc25hbWVYJGNsYXNzZXNdTlNNdXRhYmxlRGF0YaMdHyBWTlNEYXRhWE5TT2JqZWN00hscIiNcTlNEaWN0aW9uYXJ5oiIgXxAPTlNLZXllZEFyY2hpdmVy0SYnVHJvb3SAAQAIABEAGgAjAC0AMgA3AEAARgBNAFUAYABnAGoAbABuAHEAcwB1AHcAhACOAOoA7wD3AwsDDQMSAx0DJgM0AzgDPwNIA00DWgNdA28DcgN3AAAAAAAAAgEAAAAAAAAAKAAAAAAAAAAAAAAAAAAAA3k=}}

@article{art:calvoagregacion,
	Author = {T. Calvo and R. Mesiar},
	Date-Added = {2015-06-10 17:00:15 +0000},
	Date-Modified = {2015-06-10 19:33:52 +0000},
	Journal = {Fuzzy sets and systems},
	Pages = {685-697},
	Title = {Aggregation operators: ordering and bounds},
	Volume = {139},
	Year = {2003},
	Bdsk-File-1 = {YnBsaXN0MDDUAQIDBAUGJCVYJHZlcnNpb25YJG9iamVjdHNZJGFyY2hpdmVyVCR0b3ASAAGGoKgHCBMUFRYaIVUkbnVsbNMJCgsMDxJXTlMua2V5c1pOUy5vYmplY3RzViRjbGFzc6INDoACgAOiEBGABIAFgAdccmVsYXRpdmVQYXRoWWFsaWFzRGF0YV8QaS4uLy4uL0Ryb3Bib3gvVW5pdmVyc2lkYWQvOF9zZW1lc3RyZS8wNCBUcmFiYWpvIEZpbiBkZSBHcmFkby9hcnRpY3Vsb3MvQ2Fsdm8yMDAzLUFnZ3JlZ2F0aW9uT3BlcmF0b3JzLnBkZtIXCxgZV05TLmRhdGFPEQJMAAAAAAJMAAIAAAxNYWNpbnRvc2ggU0QAAAAAAAAAAAAAAAAAAAC2dY+QSCsAAACXh2sfQ2Fsdm8yMDAzLUFnZ3JlZ2F0aW8jOTc4QzQxLnBkZgAAAAAAAAAAAAAAAAAAAAAAAAAAAAAAAAAAAAAAAAAAAJeMQdGeeR0AAAAAAAAAAAACAAYAAAkgAAAAAAAAAAAAAAAAAAAACWFydGljdWxvcwAAEAAIAAC2dYGAAAAAEQAIAADRnlz9AAAAAQAcAJeHawAeeGwAHlrMABufeAAbnjEABiy6AAJnlQACAIBNYWNpbnRvc2ggU0Q6VXNlcnM6AGluaWdvOgBEcm9wYm94OgBVbml2ZXJzaWRhZDoAOF9zZW1lc3RyZToAMDQgVHJhYmFqbyBGaW4gZGUgR3JhZG86AGFydGljdWxvczoAQ2Fsdm8yMDAzLUFnZ3JlZ2F0aW8jOTc4QzQxLnBkZgAOAEYAIgBDAGEAbAB2AG8AMgAwADAAMwAtAEEAZwBnAHIAZQBnAGEAdABpAG8AbgBPAHAAZQByAGEAdABvAHIAcwAuAHAAZABmAA8AGgAMAE0AYQBjAGkAbgB0AG8AcwBoACAAUwBEABIAb1VzZXJzL2luaWdvL0Ryb3Bib3gvVW5pdmVyc2lkYWQvOF9zZW1lc3RyZS8wNCBUcmFiYWpvIEZpbiBkZSBHcmFkby9hcnRpY3Vsb3MvQ2Fsdm8yMDAzLUFnZ3JlZ2F0aW9uT3BlcmF0b3JzLnBkZgAAEwABLwAAFQACAAz//wAAgAbSGxwdHlokY2xhc3NuYW1lWCRjbGFzc2VzXU5TTXV0YWJsZURhdGGjHR8gVk5TRGF0YVhOU09iamVjdNIbHCIjXE5TRGljdGlvbmFyeaIiIF8QD05TS2V5ZWRBcmNoaXZlctEmJ1Ryb290gAEACAARABoAIwAtADIANwBAAEYATQBVAGAAZwBqAGwAbgBxAHMAdQB3AIQAjgD6AP8BBwNXA1kDXgNpA3IDgAOEA4sDlAOZA6YDqQO7A74DwwAAAAAAAAIBAAAAAAAAACgAAAAAAAAAAAAAAAAAAAPF}}

@unpublished{art:montero,
	Annote = {http://www.uhu.es/estylf2010/trabajos/SS02-06.pdf},
	Author = {J. Montero and D. G{\'o}mez and V. L{\'o}pez and J. T. Rodr{\'\i}guez and B. Victoriano},
	Date-Added = {2015-06-10 16:54:59 +0000},
	Date-Modified = {2015-06-10 19:32:21 +0000},
	Note = {ESTYLF},
	Title = {Sobre funciones y reglas de agregaci{\'o}n},
	Year = {2010},
	Bdsk-File-1 = {YnBsaXN0MDDUAQIDBAUGJCVYJHZlcnNpb25YJG9iamVjdHNZJGFyY2hpdmVyVCR0b3ASAAGGoKgHCBMUFRYaIVUkbnVsbNMJCgsMDxJXTlMua2V5c1pOUy5vYmplY3RzViRjbGFzc6INDoACgAOiEBGABIAFgAdccmVsYXRpdmVQYXRoWWFsaWFzRGF0YV8QYS4uLy4uL0Ryb3Bib3gvVW5pdmVyc2lkYWQvOF9zZW1lc3RyZS8wNCBUcmFiYWpvIEZpbiBkZSBHcmFkby9hcnRpY3Vsb3MvTW9udGVybzIwMTAtQWdyZWdhY2lvbi5wZGbSFwsYGVdOUy5kYXRhTxECMAAAAAACMAACAAAMTWFjaW50b3NoIFNEAAAAAAAAAAAAAAAAAAAAtnWPkEgrAAAAl4drGk1vbnRlcm8yMDEwLUFncmVnYWNpb24ucGRmAAAAAAAAAAAAAAAAAAAAAAAAAAAAAAAAAAAAAAAAAAAAAAAAAACXjlnRnnnuAAAAAAAAAAAAAgAGAAAJIAAAAAAAAAAAAAAAAAAAAAlhcnRpY3Vsb3MAABAACAAAtnWBgAAAABEACAAA0Z5dzgAAAAEAHACXh2sAHnhsAB5azAAbn3gAG54xAAYsugACZ5UAAgB7TWFjaW50b3NoIFNEOlVzZXJzOgBpbmlnbzoARHJvcGJveDoAVW5pdmVyc2lkYWQ6ADhfc2VtZXN0cmU6ADA0IFRyYWJham8gRmluIGRlIEdyYWRvOgBhcnRpY3Vsb3M6AE1vbnRlcm8yMDEwLUFncmVnYWNpb24ucGRmAAAOADYAGgBNAG8AbgB0AGUAcgBvADIAMAAxADAALQBBAGcAcgBlAGcAYQBjAGkAbwBuAC4AcABkAGYADwAaAAwATQBhAGMAaQBuAHQAbwBzAGgAIABTAEQAEgBnVXNlcnMvaW5pZ28vRHJvcGJveC9Vbml2ZXJzaWRhZC84X3NlbWVzdHJlLzA0IFRyYWJham8gRmluIGRlIEdyYWRvL2FydGljdWxvcy9Nb250ZXJvMjAxMC1BZ3JlZ2FjaW9uLnBkZgAAEwABLwAAFQACAAz//wAAgAbSGxwdHlokY2xhc3NuYW1lWCRjbGFzc2VzXU5TTXV0YWJsZURhdGGjHR8gVk5TRGF0YVhOU09iamVjdNIbHCIjXE5TRGljdGlvbmFyeaIiIF8QD05TS2V5ZWRBcmNoaXZlctEmJ1Ryb290gAEACAARABoAIwAtADIANwBAAEYATQBVAGAAZwBqAGwAbgBxAHMAdQB3AIQAjgDyAPcA/wMzAzUDOgNFA04DXANgA2cDcAN1A4IDhQOXA5oDnwAAAAAAAAIBAAAAAAAAACgAAAAAAAAAAAAAAAAAAAOh}}

@article{art:zadeh,
	Author = {L. A. Zadeh},
	Date-Added = {2015-06-10 16:02:58 +0000},
	Date-Modified = {2015-06-10 16:03:47 +0000},
	Journal = {Inform. Control 8},
	Pages = {338-353},
	Title = {Fuzzy sets},
	Year = {1965}}

@article{art:thtrillas,
	Author = {E. Trillas},
	Date-Added = {2015-06-10 15:42:35 +0000},
	Date-Modified = {2015-06-10 23:00:59 +0000},
	Journal = {Stochastica},
	Number = {1},
	Pages = {47-59},
	Title = {Sobre las funciones de negaci{\'o}n en la teor{\'\i}a de conjuntos difusos},
	Volume = {III},
	Year = {1979}}

@article{art:barrenechea,
	Author = {H. Bustince and E. Barrenechea and M. Pagola},
	Date-Added = {2015-06-09 13:51:19 +0000},
	Date-Modified = {2015-06-10 19:32:54 +0000},
	Journal = {Fuzzy sets and systems},
	Number = {5},
	Pages = {496-516},
	Title = {Image thresholding using restricted equivalence functions and maximizing the measures of similarity},
	Volume = {158},
	Year = {2007},
	Bdsk-File-1 = {YnBsaXN0MDDUAQIDBAUGJCVYJHZlcnNpb25YJG9iamVjdHNZJGFyY2hpdmVyVCR0b3ASAAGGoKgHCBMUFRYaIVUkbnVsbNMJCgsMDxJXTlMua2V5c1pOUy5vYmplY3RzViRjbGFzc6INDoACgAOiEBGABIAFgAdccmVsYXRpdmVQYXRoWWFsaWFzRGF0YV8QYi4uLy4uL0Ryb3Bib3gvVW5pdmVyc2lkYWQvOF9zZW1lc3RyZS8wNCBUcmFiYWpvIEZpbiBkZSBHcmFkby9hcnRpY3Vsb3MvR0lBUkEyMDA3LXVtYnJhbGl6YWNpb24ucGRm0hcLGBlXTlMuZGF0YU8RAjIAAAAAAjIAAgAADE1hY2ludG9zaCBTRAAAAAAAAAAAAAAAAAAAALZ1j5BIKwAAAJeHaxtHSUFSQTIwMDctdW1icmFsaXphY2lvbi5wZGYAAAAAAAAAAAAAAAAAAAAAAAAAAAAAAAAAAAAAAAAAAAAAAAAAIFEl0CAkJwAAAAAAAAAAAAIABgAACSAAAAAAAAAAAAAAAAAAAAAJYXJ0aWN1bG9zAAAQAAgAALZ1gYAAAAARAAgAANAgCAcAAAABABwAl4drAB54bAAeWswAG594ABueMQAGLLoAAmeVAAIAfE1hY2ludG9zaCBTRDpVc2VyczoAaW5pZ286AERyb3Bib3g6AFVuaXZlcnNpZGFkOgA4X3NlbWVzdHJlOgAwNCBUcmFiYWpvIEZpbiBkZSBHcmFkbzoAYXJ0aWN1bG9zOgBHSUFSQTIwMDctdW1icmFsaXphY2lvbi5wZGYADgA4ABsARwBJAEEAUgBBADIAMAAwADcALQB1AG0AYgByAGEAbABpAHoAYQBjAGkAbwBuAC4AcABkAGYADwAaAAwATQBhAGMAaQBuAHQAbwBzAGgAIABTAEQAEgBoVXNlcnMvaW5pZ28vRHJvcGJveC9Vbml2ZXJzaWRhZC84X3NlbWVzdHJlLzA0IFRyYWJham8gRmluIGRlIEdyYWRvL2FydGljdWxvcy9HSUFSQTIwMDctdW1icmFsaXphY2lvbi5wZGYAEwABLwAAFQACAAz//wAAgAbSGxwdHlokY2xhc3NuYW1lWCRjbGFzc2VzXU5TTXV0YWJsZURhdGGjHR8gVk5TRGF0YVhOU09iamVjdNIbHCIjXE5TRGljdGlvbmFyeaIiIF8QD05TS2V5ZWRBcmNoaXZlctEmJ1Ryb290gAEACAARABoAIwAtADIANwBAAEYATQBVAGAAZwBqAGwAbgBxAHMAdQB3AIQAjgDzAPgBAAM2AzgDPQNIA1EDXwNjA2oDcwN4A4UDiAOaA50DogAAAAAAAAIBAAAAAAAAACgAAAAAAAAAAAAAAAAAAAOk}}

@article{art:refbarrenechea,
	Author = {Bustince, H. and Barrenechea, E. and Pagola, M.},
	Journal = {Fuzzy sets and systems},
	Number = {17},
	Pages = {2333-2346},
	Title = {Restricted equivalence functions},
	Volume = {157},
	Year = {2006},
	Bdsk-File-1 = {YnBsaXN0MDDUAQIDBAUGJCVYJHZlcnNpb25YJG9iamVjdHNZJGFyY2hpdmVyVCR0b3ASAAGGoKgHCBMUFRYaIVUkbnVsbNMJCgsMDxJXTlMua2V5c1pOUy5vYmplY3RzViRjbGFzc6INDoACgAOiEBGABIAFgAdccmVsYXRpdmVQYXRoWWFsaWFzRGF0YV8QWC4uLy4uL0Ryb3Bib3gvVW5pdmVyc2lkYWQvOF9zZW1lc3RyZS8wNCBUcmFiYWpvIEZpbiBkZSBHcmFkby9hcnRpY3Vsb3MvR0lBUkEyMDA2LVJFRi5wZGbSFwsYGVdOUy5kYXRhTxECCgAAAAACCgACAAAMTWFjaW50b3NoIFNEAAAAAAAAAAAAAAAAAAAAtnWPkEgrAAAAl4drEUdJQVJBMjAwNi1SRUYucGRmAAAAAAAAAAAAAAAAAAAAAAAAAAAAAAAAAAAAAAAAAAAAAAAAAAAAAAAAAAAAAACBBTfRiRaBAAAAAAAAAAAAAgAGAAAJIAAAAAAAAAAAAAAAAAAAAAlhcnRpY3Vsb3MAABAACAAAtnWBgAAAABEACAAA0Yj6YQAAAAEAHACXh2sAHnhsAB5azAAbn3gAG54xAAYsugACZ5UAAgByTWFjaW50b3NoIFNEOlVzZXJzOgBpbmlnbzoARHJvcGJveDoAVW5pdmVyc2lkYWQ6ADhfc2VtZXN0cmU6ADA0IFRyYWJham8gRmluIGRlIEdyYWRvOgBhcnRpY3Vsb3M6AEdJQVJBMjAwNi1SRUYucGRmAA4AJAARAEcASQBBAFIAQQAyADAAMAA2AC0AUgBFAEYALgBwAGQAZgAPABoADABNAGEAYwBpAG4AdABvAHMAaAAgAFMARAASAF5Vc2Vycy9pbmlnby9Ecm9wYm94L1VuaXZlcnNpZGFkLzhfc2VtZXN0cmUvMDQgVHJhYmFqbyBGaW4gZGUgR3JhZG8vYXJ0aWN1bG9zL0dJQVJBMjAwNi1SRUYucGRmABMAAS8AABUAAgAM//8AAIAG0hscHR5aJGNsYXNzbmFtZVgkY2xhc3Nlc11OU011dGFibGVEYXRhox0fIFZOU0RhdGFYTlNPYmplY3TSGxwiI1xOU0RpY3Rpb25hcnmiIiBfEA9OU0tleWVkQXJjaGl2ZXLRJidUcm9vdIABAAgAEQAaACMALQAyADcAQABGAE0AVQBgAGcAagBsAG4AcQBzAHUAdwCEAI4A6QDuAPYDBAMGAwsDFgMfAy0DMQM4A0EDRgNTA1YDaANrA3AAAAAAAAACAQAAAAAAAAAoAAAAAAAAAAAAAAAAAAADcg==}}

@book{lib:mcneill,
	Author = {F. M. McNeill and E. Thro},
	Date-Added = {2015-06-09 13:48:59 +0000},
	Date-Modified = {2015-06-10 19:33:29 +0000},
	Publisher = {AP Professional},
	Title = {Fuzzy logic. A practical approach.},
	Year = {1994}}

@book{lib:suri,
	Author = {J. S. Suri and S. K. Setarehdan and S. Singh},
	Date-Added = {2015-06-09 13:46:41 +0000},
	Date-Modified = {2015-06-10 19:34:12 +0000},
	Publisher = {Springer},
	Title = {Advanced algorithmic approaches to medical image segmentation},
	Year = {2002}}

@book{lib:gonzalez,
	Author = {R. C. Gonzalez and R. E. Woods},
	Date-Added = {2015-06-09 13:42:15 +0000},
	Date-Modified = {2015-06-10 19:33:43 +0000},
	Publisher = {Pearson Prentice Hall},
	Read = {0},
	Title = {Digital image procesing},
	Year = {2008}}

@book{lib:sonka,
	Author = {M. Sonka and V. Halvac and R. Boyle},
	Date-Added = {2015-06-09 13:35:06 +0000},
	Date-Modified = {2015-06-10 19:33:13 +0000},
	Publisher = {Thomson},
	Title = {Image processing, analysis and machine vision},
	Year = {2008}}
